<?xml version="1.0" encoding="UTF-8"?><record xmlns="http://www.loc.gov/MARC21/slim" xmlns:cinclude="http://apache.org/cocoon/include/1.0" xmlns:zs="http://www.loc.gov/zing/srw/">
  <leader>00708cz  a2200193n  4500</leader>
  <controlfield tag="001">n  87930587 </controlfield>
  <controlfield tag="003">DLC</controlfield>
  <controlfield tag="005">20090729075055.0</controlfield>
  <controlfield tag="008">880129n| acannaabn          |b aaa      </controlfield>
  <datafield tag="010" ind1=" " ind2=" ">
    <subfield code="a">n  87930587 </subfield>
  </datafield>
  <datafield tag="035" ind1=" " ind2=" ">
    <subfield code="a">(OCoLC)oca02192148</subfield>
  </datafield>
  <datafield tag="040" ind1=" " ind2=" ">
    <subfield code="a">DLC</subfield>
    <subfield code="b">eng</subfield>
    <subfield code="c">DLC</subfield>
    <subfield code="d">DLC</subfield>
    <subfield code="d">OCoLC</subfield>
  </datafield>
  <datafield tag="100" ind1="1" ind2=" ">
    <subfield code="a">Nomura, Kan,</subfield>
    <subfield code="d">1940-</subfield>
  </datafield>
  <datafield tag="400" ind1="1" ind2=" ">
    <subfield code="a">野村欢,</subfield>
    <subfield code="d">1940-</subfield>
  </datafield>
  <datafield tag="400" ind1="1" ind2=" ">
    <subfield code="a">野村歓,</subfield>
    <subfield code="d">1940-</subfield>
  </datafield>
  <datafield tag="400" ind1="1" ind2=" ">
    <subfield code="a">野村歡,</subfield>
    <subfield code="d">1940-</subfield>
  </datafield>
  <datafield tag="667" ind1=" " ind2=" ">
    <subfield code="a">Machine-derived non-Latin script reference project.</subfield>
  </datafield>
  <datafield tag="667" ind1=" " ind2=" ">
    <subfield code="a">Non-Latin script references not evaluated.</subfield>
  </datafield>
  <datafield tag="670" ind1=" " ind2=" ">
    <subfield code="a">Shirabe, K. Shōgaisha no seikatsu to fukushi, 1984:</subfield>
    <subfield code="b">t.p. (Nomura Kan) colophon (copr. by Kan Nomura [in rom.]; b. 1940; eng.; asst. prof., Nihon Daigaku Kenchiku Gakka)</subfield>
  </datafield>
</record>